<record><leader>00000cas a22000007a 4500</leader><controlfield tag="001">13994603</controlfield><controlfield tag="008">860731d192u1925nvuwr ne      0    0eng d</controlfield><datafield ind1=" " ind2=" " tag="010"><subfield code="a">sn 86076344 </subfield></datafield><datafield ind1=" " ind2=" " tag="040"><subfield code="a">NNX</subfield><subfield code="b">eng</subfield><subfield code="c">NNX</subfield><subfield code="d">OCLCQ</subfield><subfield code="d">OCLCF</subfield><subfield code="d">OCLCO</subfield><subfield code="d">DLC</subfield></datafield><datafield ind1=" " ind2=" " tag="042"><subfield code="a">msc</subfield></datafield><datafield ind1=" " ind2=" " tag="043"><subfield code="a">n-us-nv</subfield></datafield><datafield ind1="0" ind2="0" tag="245"><subfield code="a">Caliente weekly news.</subfield></datafield><datafield ind1="3" ind2=" " tag="246"><subfield code="a">Caliente news</subfield></datafield><datafield ind1=" " ind2=" " tag="260"><subfield code="a">Caliente, Nev. :</subfield><subfield code="b">[s.n.]</subfield></datafield><datafield ind1=" " ind2=" " tag="300"><subfield code="a">v. :</subfield><subfield code="b">ill.</subfield></datafield><datafield ind1=" " ind2=" " tag="310"><subfield code="a">Weekly</subfield></datafield><datafield ind1="1" ind2=" " tag="362"><subfield code="a">Ceased with June 27, 1925 issue.</subfield><subfield code="z">Cf. Lingenfelter, R. Newspapers of Nev., 1854-1979.</subfield></datafield><datafield ind1=" " ind2=" " tag="588"><subfield code="a">Description based on: Feb. 5, 1925 issue.</subfield></datafield><datafield ind1=" " ind2="0" tag="651"><subfield code="a">Caliente (Nev.)</subfield><subfield code="v">Newspapers.</subfield></datafield><datafield ind1=" " ind2="7" tag="651"><subfield code="a">Nevada</subfield><subfield code="z">Caliente.</subfield><subfield code="2">fast</subfield><subfield code="0">(OCoLC)fst01224661</subfield></datafield><datafield ind1=" " ind2="7" tag="655"><subfield code="a">Newspapers.</subfield><subfield code="2">fast</subfield><subfield code="0">(OCoLC)fst01423814</subfield></datafield><datafield ind1=" " ind2=" " tag="752"><subfield code="a">United States</subfield><subfield code="b">Nevada</subfield><subfield code="c">Lincoln</subfield><subfield code="d">Caliente.</subfield></datafield><datafield ind1="0" ind2="0" tag="780"><subfield code="t">Caliente news</subfield><subfield code="w">(DLC)sn 86076345</subfield><subfield code="w">(OCoLC)13994671</subfield></datafield><datafield ind1="0" ind2="7" tag="785"><subfield code="t">Pioche record (Pioche, Nev. : 1908)</subfield><subfield code="x">2472-176X</subfield><subfield code="w">(DLC)sn 86091349</subfield><subfield code="w">(OCoLC)13457885</subfield></datafield><datafield ind1="0" ind2="7" tag="785"><subfield code="t">Lincoln County record (Pioche, Nev. : 1925)</subfield><subfield code="w">(DLC)sn 86091350</subfield><subfield code="w">(OCoLC)13457921</subfield></datafield></record>